
@book{livro:andre,
  title={Mecânica de Voo Espacial},
  author={André Luis da Silva},
  year={2023},
  address={Santa Maria - RS},
  pages={14},
  publisher={UFSM}
}

@book{book:226549,
   title =     {Atmospheric and Space Flight Dynamics: Modeling and Simulation with MATLAB® and Simulink® (Modeling and Simulation in Science, Engineering and Technology)},
   author =    {Ashish Tewari},
   publisher = {Birkhäuser Boston},
   
   year =      {2006},
   series =    {Modeling and Simulation in Science, Engineering and Technology},
   
}

